3082 4902
219 355 279 430 100
624 367 683 434 Sat.
701 368 724 448 1,
743 374 768 432 t
788 393 812 432 r.
831 371 943 434 als-ts.

282 548 400 630 Saevit,
423 550 508 632 quod
530 543 701 619 meretrice
723 569 823 634 nepos
844 551 975 619 insanus
998 550 1100 619 amics

282 661 383 727 Filius
405 680 537 728 uxorem
560 662 674 744 grandi
698 681 768 728 oum
793 663 867 744 dote
889 669 1026 745 rccuset,

282 775 400 840 Ebrius
424 778 466 856 et,
488 793 637 856 magnum
661 776 745 857 quod
768 775 915 857 dedecus,
938 776 1081 842 ambulet
1101 779 1176 842 onte

280 885 416 950 Noctem
439 903 510 952 cum
532 885 665 952 facibus.
714 885 877 967 Numquid
898 887 1093 969 Pomponius
1114 886 1185 954 istis

282 997 419 1064 Audiret
439 996 569 1079 leviora,
592 1001 685 1080 peter
708 997 734 1062 si
756 997 903 1064 viveret?
946 999 1033 1081 Ergo

282 1108 354 1175 Non
377 1109 456 1176 satis
478 1114 529 1174 est
550 1108 640 1190 puris
663 1125 791 1174 versum
813 1109 1015 1191 perscribere
1038 1111 1153 1194 verbis,

283 1219 385 1298 Quem
408 1221 436 1286 si
458 1221 625 1301 dissolvas,
649 1219 751 1300 quivis
774 1220 992 1288 stomachetur
1015 1222 1127 1288 eodem
1312 1230 1351 1285 55

282 1330 351 1409 Quo
374 1336 564 1412 personatus
587 1323 681 1411 pacto
704 1335 806 1412 pater.
851 1331 921 1414 His,
945 1351 1005 1415 ego
1028 1351 1110 1415 quae
1130 1351 1222 1416 nunc,

285 1441 367 1507 Olim
391 1460 473 1524 quae
496 1443 626 1525 scripsit
648 1441 803 1524 Lucilius,
826 1443 944 1524 eripias
966 1445 993 1511 si

281 1554 440 1636 Tempora
455 1558 544 1620 certa
558 1555 732 1635 modosque
751 1558 792 1636 ct,
809 1555 893 1637 quod
907 1555 997 1636 prius
1013 1557 1123 1624 ordine
1138 1558 1272 1626 verbum
1289 1564 1350 1643 est,

218 1755 374 1808 Terentium
401 1753 610 1823 illaesurus,
635 1751 681 1822 1.),
708 1753 875 1808 uehementer
901 1757 928 1807 et
953 1755 1057 1809 acriter
1083 1757 1189 1811 saeuire
1210 1758 1241 1812 in
1263 1758 1353 1825 uuum

216 1859 298 1898 suum
315 1844 385 1898 turm
398 1842 548 1912 perditum.
585 1841 809 1911 1111111193.
848 1839 953 1898 Stellen
971 1843 1081 1898 solcher
1101 1846 1153 1901 Art
1176 1845 1268 1901 finden
1292 1847 1353 1902 sich

216 1933 261 1987 bei
280 1934 397 2001 Terenz,
426 1932 491 1987 aber
513 1930 564 1987 wie
586 1929 625 1985 oft
647 1947 708 2000 mag
732 1930 776 1984 die
801 1930 887 1986 Sache
910 1931 938 1985 in
956 1931 1006 1987 der
1023 1933 1123 2002 griech.
1143 1933 1274 1990 Gomddie
1292 1951 1352 1990 vor-

218 2021 377 2090 gekommen
395 2021 466 2076 sciui
494 2053 528 2063 -
556 2037 580 2074 v.
600 2023 641 2075 51.
660 2020 768 2075 Ebrius
785 2026 810 2074 et
828 2061 860 2076 ..
896 2019 1002 2076 Nonius
1022 2026 1061 2092 12,
1075 2019 1109 2076 26
1127 2021 1201 2078 fiihrt
1220 2040 1270 2079 aus
1290 2022 1352 2079 dem
1399 2074 1403 2080 .
1444 2011 1446 2014 ¹

218 2109 342 2166 Oomiker
365 2108 505 2179 Turpilius
524 2125 572 2164 an:
600 2113 687 2164 nemo'
701 2100 825 2179 unquam
846 2109 916 2164 uidit
937 2109 1042 2164 ebrium
1063 2112 1105 2164 ir'e
1122 2112 1246 2166 interdiu
1265 2129 1353 2183 neque

177 2222 179 2226 ·
217 2199 325 2254 turbam
341 2200 434 2267 faeere
451 2215 537 2267 neque
552 2199 628 2266 fores
651 2214 773 2254 emerere.
814 2199 871 2254 Das
893 2198 1070 2254 Entehrende
1092 2200 1160 2271 liegt
1183 2202 1241 2258 also
1264 2203 1351 2274 dorin,

217 2288 280 2343 dass
301 2288 349 2343 der
366 2287 495 2356 Jdngling
513 2287 598 2342 sehon
617 2304 666 2342 vor
685 2287 745 2362 dem
763 2287 852 2344 Esses
871 2288 1003 2358 trunkcn,
1032 2289 1083 2343 che
1107 2305 1136 2344 es
1157 2292 1229 2347 noch
1250 2291 1352 2348 dunkel

216 2375 294 2446 wird,
327 2375 377 2431 mit
409 2376 529 2431 Faokeln
559 2376 736 2432 umherzieht.
787 2378 865 2433 Noch
892 2377 942 2433 der
968 2393 1054 2432 coena
1080 2395 1137 2434 war
1163 2378 1223 2434 dies
1250 2381 1352 2436 Nacht-

217 2467 395 2535 sohwsrmen,
419 2460 567 2538 κωμάζειν,
593 2467 752 2535 comissari,
771 2465 799 2520 in
818 2465 1017 2522 Griechenland
1035 2467 1091 2522 und
1109 2466 1180 2524 Rom
1198 2474 1281 2524 etwas
1300 2469 1351 2525 Ge·

217 2554 391 2611 wohnliches.
411 2585 446 2596 -
464 2570 488 2607 v.
509 2558 549 2608 52.
573 2555 752 2624 Pomponius.
790 2555 879 2611 Schol.
899 2554 978 2624 Cruq.
1006 2555 1095 2627 Quam
1113 2561 1152 2612 est
1169 2558 1237 2612 hoec
1255 2559 1351 2614 Hora·

217 2645 297 2698 tiana
315 2647 341 2698 et
358 2643 444 2698 tacito
462 2644 620 2714 obiurpatio
639 2645 790 2714 Pomponii
806 2645 950 2700 incuriose
966 2646 1098 2701 uiuentis!
1135 2645 1224 2718 Schol.
1247 2648 1350 2718 Porph.

217 2732 297 2787 Mira
324 2731 485 2787 urbanitate
511 2738 537 2787 et
563 2732 749 2788 amaritudine
770 2733 918 2803 Pomponii
934 2748 1058 2803 persona
1081 2733 1185 2790 abusus
1207 2741 1247 2791 est
1268 2738 1353 2806 quusi

218 2822 376 2891 arpumenti
393 2823 465 2890 loeo,
492 2828 524 2877 ut
542 2838 602 2876 eum
623 2809 753 2892 carperet.
781 2855 815 2865 -
842 2840 866 2877 v.
887 2824 928 2877 51.
953 2823 1044 2891 puris.
1089 2822 1178 2879 Schol.
1203 2825 1264 2879 Aor.
1292 2827 1353 2880 siue

216 2912 315 2982 ripario
331 2915 357 2965 et
373 2925 475 2980 mopno
493 2927 570 2966 sono.
607 2912 702 2966 Purus
719 2910 779 2966 hier
797 2911 1020 2982 schmuoklos,
1044 2911 1094 2969 mic
1113 2917 1178 2983 topa
1191 2929 1279 2983 pura,
1303 2915 1353 2971 der

212 3005 374 3071 praetenta,
402 3005 547 3070 arpentum
565 3016 670 3070 purum
696 3001 757 3055 dem
777 3003 912 3056 coelatum
939 3008 1195 3072 entgegengesetzt,
1223 3019 1276 3058 von
1304 3003 1354 3060 der

218 3089 423 3159 schlichten,
444 3089 650 3166 schmuoklosen
669 3088 746 3143 Rode
766 3089 814 3144 der
832 3089 993 3158 eigesthche
1005 3089 1161 3146 Ausdruck.
1194 3087 1350 3156 Quintilian.

218 3185 245 3250 1,
268 3184 312 3250 11,
332 3181 355 3234 6.
379 3193 439 3247 nec,
463 3179 538 3248 quod
555 3179 671 3247 ,minime
692 3179 814 3234 sermoni
831 3195 906 3247 puro
929 3180 1087 3248 conueniat,
1111 3180 1257 3248 sinmtieem
1274 3183 1352 3236 uocis

215 3275 349 3323 naturam
362 3268 488 3338 pleniore
507 3268 626 3338 quodam
644 3285 713 3324 sono
736 3269 924 3324 circumliuire
946 3269 1081 3337 (pratietur
1104 3269 1253 3340 mapismr).
1290 3270 1351 3339 Vgl.

218 3357 270 3412 Oia
299 3357 374 3411 Orat.
406 3359 444 3410 16.
486 3356 564 3413 Brut.
592 3361 633 3412 75.
675 3357 742 3412 Plin.
765 3357 817 3427 Ep.
842 3362 872 3427 7,
896 3355 919 3412 ’9.
961 3358 1147 3414 Verschieden
1170 3358 1207 3414 ist
1228 3358 1274 3414 boi
1299 3359 1353 3414 den

217 3446 350 3501 Griechen
370 3445 418 3500 der
439 3441 521 3516 λόγος
544 3443 638 3517 uilici,
667 3446 710 3501 die
734 3446 782 3501 der
803 3446 967 3502 metrisohen
989 3446 1067 3502 Rede
1090 3454 1352 3518 entgegengesetzte

216 3536 310 3590 Pross.
349 3534 374 3588 S.
394 3535 484 3589 Herm.
505 3553 541 3591 zu
558 3534 674 3592 Aristot.
695 3537 771 3592 Poet.
791 3555 817 3606 p.
837 3539 879 3590 93.
898 3569 932 3578 -
950 3553 975 3590 v.
994 3539 1035 3592 56.
1051 3541 1226 3605 personamus.
1259 3537 1349 3594 Schol

216 3624 294 3694 Cruq.
321 3623 436 3678 Venusto
454 3629 480 3678 et
496 3624 615 3679 iuouode
633 3625 702 3679 dicit
722 3631 831 3694 patrem
849 3629 1031 3694 personatum
1050 3641 1106 3695 pro
1126 3631 1209 3695 patre
1233 3626 1352 3704 Gannico,

216 3713 267 3768 hoc
284 3718 336 3780 est,
360 3713 410 3779 qui
421 3714 518 3780 putris
531 3729 682 3782 personam
700 3715 802 3783 accipit
818 3715 850 3768 iu
868 3715 1017 3772 comoedia.
1037 3745 1071 3756 -
1089 3731 1113 3768 v.
1138 3718 1179 3770 58.
1207 3716 1352 3786 Tempora,

216 3801 259 3856 die
278 3800 496 3870 Abwechselung
514 3817 567 3856 von
585 3801 698 3872 Lingen
716 3802 773 3858 und
791 3803 902 3858 Kurzen
920 3802 949 3857 in
966 3803 1139 3858 bestimmten
1158 3804 1273 3874 Fussen,
1293 3805 1352 3862 also

215 3889 275 3944 hier
292 3887 444 3959 stupentes,
463 3889 513 3942 wie
532 3887 641 3956 Quintil.
661 3894 685 3961 9,
705 3894 730 3963 4,
750 3896 801 3963 20,
820 3910 862 3949 wo
881 3909 912 3948 er
929 3899 1005 3962 sogt,
1025 3894 1095 3949 auch
1115 3893 1164 3948 dos
1182 3895 1301 3948 solutum
1320 3895 1352 3950 in

216 3995 340 4034 sermone
361 3983 388 4033 et
409 3979 532 4046 epistolis
554 3979 624 4035 habe
646 3997 712 4036 suos
735 3981 870 4050 quosdam
887 3979 917 4052 {et
940 3982 1115 4058 difficiliores,
1133 3984 1216 4038 etiam
1233 3981 1350 4052 pedes,

215 4068 272 4123 und
297 4066 452 4137 hinzulhgt,
481 4083 567 4138 neque
593 4071 666 4124 enim
691 4111 697 4126 .
725 4111 732 4126 .
761 4071 874 4126 destitui
901 4072 1106 4140 temporibus
1138 4071 1234 4126 uolunt
1263 4087 1352 4126 sermo

215 4161 297 4226 utque
308 4159 432 4226 epistola.
460 4156 551 4223 Modi,
572 4156 615 4212 die
632 4158 817 4228 rhythmische
833 4160 919 4230 Folge
932 4159 980 4215 der
992 4159 1081 4215 Fusse
1094 4159 1143 4214 mit
1157 4159 1211 4216 den
1221 4159 1352 4230 n'o'thigen

215 4244 337 4300 Cisuren
355 4247 425 4302 nach
444 4246 496 4301 den
514 4246 727 4304 verschiedenen
747 4249 956 4304 Silbenmsssen.
994 4247 1084 4319 Vollig
1106 4247 1353 4318 gleichbedcutend

214 4351 270 4392 war
289 4335 347 4389 also
366 4352 390 4388 v.
411 4339 434 4389 7.
450 4334 570 4404 pedibus
581 4337 760 4406 numerisque.
794 4337 883 4393 Schol.
897 4335 976 4408 Oruq.
996 4337 1099 4393 Sensus
1111 4343 1159 4405 est,
1178 4338 1352 4400 sidissoluas
