3042 4900
544 356 600 414 su.
620 359 641 429 1,
663 361 703 414 10.
723 376 747 412 v.
767 361 879 436 rofre.
1215 347 1278 435 2¹19

208 533 253 600 At
274 553 423 616 maguum
447 533 532 613 feeit,
556 533 641 614 quod
663 533 771 600 verbis
794 533 919 600 Graeca
941 530 1064 598 Latinis
1241 535 1280 591 20

208 646 354 727 Miscuit!
399 646 425 711 0
449 646 513 712 seri
533 645 728 712 studiorum!
752 647 847 726 quiue
870 645 991 726 putetis

207 755 343 834 Difficile
367 763 400 824 et
421 758 545 837 mirum,
568 756 692 822 Rhodio
717 758 802 840 quod
823 755 1018 822 Pitholeonti

141 937 258 993 Caluum
275 980 282 992 .
301 978 307 991 .
334 937 385 992 die
408 936 444 990 im
462 936 718 991 Anakreontisehen
737 938 812 992 Tene
836 935 1010 1007 abgefassten
1030 936 1183 990 erotisehen
1202 935 1282 988 Lie-

141 1027 202 1081 der
227 1023 504 1081 desuescimus
525 1024 646 1081 Calvus
672 1027 737 1082 und
755 1026 782 1080 0.
802 1026 956 1082 Valerius
976 1024 1129 1080 Catullus
1153 1041 1192 1080 zu
1212 1023 1282 1078 sin-

141 1133 212 1188 gen.
250 1115 371 1170 Gantare
389 1115 501 1170 Caluum
519 1121 545 1170 et
561 1115 697 1170 Catullum
714 1116 787 1168 kann
805 1114 893 1184 nicht,
912 1115 962 1170 wie
980 1114 1107 1169 Wieland
1125 1113 1217 1181 meiat,
1237 1115 1282 1166 be-

142 1205 259 1273 deuten‚
285 1205 345 1258 dem
365 1203 462 1258 Calvus
486 1203 543 1258 und
566 1203 688 1259 Catullus
713 1204 882 1273 naehleiern,
908 1204 1009 1259 Lieder
1029 1204 1057 1258 in
1080 1203 1154 1257 ihrer
1176 1201 1283 1256 Menier

142 1293 261 1348 diehten.
299 1291 366 1347 Gall.
394 1295 440 1361 19,
459 1295 476 1346 9
501 1294 586 1361 Saepe
610 1309 671 1347 eum
691 1295 940 1362 percontabantur,
966 1293 1087 1363 quidde
1109 1293 1283 1346 Anacreonte

142 1384 292 1450 ceterisque
313 1382 346 1435 id
365 1398 452 1451 penus
475 1385 562 1450 poetis
585 1384 708 1450 sentiret,
733 1389 759 1436 et
779 1385 870 1452 eequis
888 1388 1046 1436 nostrornm
1060 1385 1208 1450 poetarum
1227 1387 1283 1436 tam

137 1473 255 1540 fluentes
272 1472 428 1524 carminum
447 1471 560 1525 delicias
575 1473 691 1540 fecisset,
711 1472 768 1529 nisi
786 1472 923 1538 Catullus,
943 1472 1084 1540 inquiunt,
1101 1472 1174 1537 sorte
1187 1486 1283 1539 panea

141 1567 170 1615 et
187 1561 286 1616 Caluus
304 1559 398 1614 itidem
413 1574 516 1628 paura.
536 1561 579 1613 Au
599 1560 693 1614 diesen
712 1559 818 1628 CalvuS,
839 1561 938 1614 dessen
957 1559 1027 1614 auch
1040 1557 1133 1614 Cicero
1153 1559 1187 1613 nd
1206 1560 1281 1614 Fam.

142 1655 168 1719 7,
188 1653 235 1718 24,
255 1649 311 1705 und
331 1649 370 1703 sls
389 1648 512 1703 Redners
536 1649 576 1718 (er
594 1666 649 1702 war
668 1649 743 1704 einer
762 1649 810 1703 der
829 1655 956 1718 grissten
975 1647 1084 1703 Redner
1102 1647 1191 1702 seiner
1209 1646 1281 1716 Zeit)

140 1739 178 1792 im
196 1737 274 1806 Brut.
294 1741 327 1792 81
348 1738 469 1792 eruthnt
490 1738 558 1808 (Vgl.
579 1738 621 1792 ud.
642 1739 717 1792 Fsm.
738 1741 777 1806 15,
798 1735 850 1806 21),
871 1737 931 1792 sind
949 1739 1071 1793 mehrere
1084 1737 1216 1792 Gedichte
1236 1734 1283 1792 Os-

141 1827 210 1884 tulls
228 1827 371 1898 geriehtet,
393 1827 434 1895 14,
448 1828 489 1894 50,
505 1829 546 1880 96.
567 1827 627 1896 Vgl.
642 1831 683 1896 53,
703 1827 760 1882 und
778 1828 870 1881 Burm.
890 1845 925 1881 zu
938 1828 1063 1897 Propert.
1084 1830 1108 1895 2,
1126 1829 1168 1881 25.
1189 1825 1283 1893 [Wei-

143 1918 231 1972 chert.
249 1916 278 1970 P.
299 1914 370 1970 Ceti.
395 1933 421 1985 p.
441 1917 506 1982 89.]
529 1949 563 1958 —
587 1933 611 1969 v.
633 1920 674 1970 20.
703 1918 743 1971 At
765 1933 902 1986 maenum.
942 1915 1030 1970 Schol.
1056 1915 1135 1984 Cruq.
1160 1915 1280 1986 Obieetio

143 2007 203 2058 eins
222 2005 271 2072 qui
289 2003 414 2072 defendit
430 2005 577 2059 Lucilium.
597 2005 737 2072 [Miscuit
753 2003 778 2058 d.
792 2005 818 2058 h.
837 2005 986 2058 immiscuit
1002 2004 1052 2058 wie
1065 2004 1133 2059 Vell.
1147 2005 1176 2058 P.
1194 2009 1233 2072 11,
1246 2005 1281 2058 86

135 2094 269 2164 partibus
292 2094 350 2147 eius
373 2109 401 2146 se
423 2094 603 2164 miscuisset]
623 2128 657 2138 -
675 2111 699 2147 v.
720 2098 761 2146 21.
783 2093 805 2148 O
825 2095 881 2146 seri
899 2093 1061 2148 studiorum.
1092 2093 1180 2147 Sahal.
1201 2093 1280 2161 Cruq.

140 2181 308 2256 ὀψιμαθεῖς,
326 2184 376 2253 qui
392 2198 453 2236 sero
472 2183 572 2236 studiis
589 2198 690 2238 uacare
709 2183 842 2250 coepistis.
865 2181 989 2252 Castiqat
1006 2198 1052 2235 eos
1070 2185 1119 2250 qui
1133 2189 1282 2252 propterea

138 2272 279 2326 mirantur
291 2272 441 2340 Laeuium,
460 2272 534 2341 quod
546 2273 696 2326 inseruerit
712 2273 795 2326 uerba
807 2273 917 2327 Graeca
930 2273 1034 2326 Latino
1053 2272 1180 2338 carmini,
1200 2274 1283 2340 quasi

138 2377 198 2414 non
216 2362 306 2430 quivis
324 2361 398 2416 alins
411 2362 504 2429 possit
520 2362 571 2416 leae
587 2363 688 2430 faeere,
708 2377 769 2416 cum
787 2362 933 2416 Pitholeon
946 2360 1083 2427 Rhodius,
1102 2361 1212 2428 ineptus
1230 2363 1281 2414 ali-

139 2450 203 2518 anis
210 2454 303 2516 noete,
322 2451 353 2504 in
369 2451 428 2504 suis
446 2451 653 2520 epiqrammutis
671 2452 752 2504 etiam
765 2450 877 2504 Latinis
894 2449 1005 2504 Graeca
1022 2449 1205 2503 immiscuerit.
1226 2449 1283 2502 Fur

139 2536 335 2591 unwissend
360 2538 508 2607 gebraueht
534 2535 678 2611 ὀψιμαθὴς
695 2537 778 2592 Isoer.
798 2539 908 2592 Eneom.
927 2537 1023 2592 Helen.
1043 2536 1067 2606 ξ.
1087 2542 1111 2590 2.
1135 2543 1174 2598 τίς
1195 2533 1281 2595 οὕτως

139 2622 286 2694 iumentis
309 2626 399 2691 ἔστιν,
425 2623 498 2686 ὅστις
522 2625 572 2680 οὐκ
591 2625 649 2680 olis
666 2623 856 2698 Πρωταγόραν
874 2627 920 2680 nal
938 2665 944 2677 .
965 2663 970 2675 .
990 2623 1053 2687 τοὺς
1071 2624 1218 2696 σοφιστὰς,
1239 2622 1280 2678 ὅτι

139 2753 146 2767 .
169 2750 176 2764 .
196 2720 307 2767 τοιαῦτα
326 2757 331 2769 .
352 2758 358 2770 .
379 2714 584 2793 συγγράμματα
604 2718 750 2770 κατέλιπον
768 2712 850 2788 ἡμῖνς
868 2714 978 2768 Lucian.
1000 2715 1033 2769 de
1054 2715 1149 2770 Saliae.
1170 2719 1203 2770 33
1223 2715 1277 2786 tyri

138 2804 171 2858 tt
190 2845 217 2858 ..
237 2800 285 2872 τὴν
300 2807 364 2876 περὶ
375 2807 634 2876 ταῦτα’φιλοτιμίαν
646 2799 829 2877 ἀπειρόκαλόν
846 2822 874 2858 τε
892 2806 940 2856 καὶ
959 2803 1089 2876 ὀψιμαθῆ
1106 2806 1152 2857 καὶ
1171 2805 1281 2875 ἐμαυτῷ

140 2885 258 2964 ἄκαιρον
276 2897 370 2967 οἴομαι
389 2893 467 2950 εἶναι.
488 2894 548 2964 Vgl.
561 2894 629 2948 Gall.
651 2897 692 2961 11,
712 2898 736 2947 7.
767 2890 819 2946 Gis.
839 2892 892 2962 Ep.
911 2893 946 2946 atl
965 2893 1040 2946 Fam.
1060 2895 1083 2946 9.
1104 2895 1145 2946 20,
1165 2892 1280 2948 Oesaub.

139 2998 175 3035 nu
189 2981 327 3050 Theophr.
342 2981 419 3038 char.
439 2988 481 3052 27,
501 3001 542 3037 wo
563 2983 605 3037 die
625 2980 766 3053 ὀψιμαθία
785 2998 846 3034 vom
865 2981 1040 3050 Theophrast
1058 2981 1086 3034 iu
1105 2981 1210 3051 einigen
1229 2984 1281 3037 zu-

139 3085 191 3139 gen
212 3070 372 3139 dergastellt
392 3072 466 3128 wirel
487 3073 579 3126 Deher
598 3072 637 3125 als
659 3070 848 3139 Sehimpfwort
867 3070 895 3123 in
913 3070 984 3124 Plat.
1003 3070 1123 3138 Euthyd.
1143 3073 1160 3124 4
1178 3089 1279 3143 yspov-
1340 3113 1349 3126 .

138 3154 344 3220 τοδιδάσκαλος.
373 3161 429 3215 Des
449 3160 610 3230 Gegentheil
628 3159 665 3214 ist
684 3155 868 3232 ααιὸομαθής.
897 3157 1053 3225 Quintilian.
1075 3163 1098 3228 1,
1119 3164 1160 3228 12,
1180 3162 1196 3214 9
1214 3161 1279 3214 Ma·

137 3249 183 3317 pis
201 3249 289 3316 seius,
315 3252 341 3304 si
362 3267 440 3320 quem
461 3252 519 3304 iam
543 3251 685 3304 robustum
707 3250 850 3303 instituere
870 3251 967 3303 litteris
984 3250 1120 3317 coeperis,
1144 3266 1202 3303 non
1219 3251 1279 3304 sine

138 3352 226 3390 eausa
245 3337 301 3391 eiiei
318 3340 502 3412 ααιδομαθεΐς
520 3355 573 3405 eos,
594 3340 643 3407 qui
660 3340 692 3392 in
709 3353 760 3391 sua
779 3338 898 3406 quidque
916 3344 976 3392 arte
995 3341 1094 3406 optines
1109 3339 1227 3405 faciant.
1246 3367 1279 3376 —-

139 3427 222 3495 quine
233 3429 342 3495 putetis.
362 3427 419 3482 Das
432 3444 466 3480 ne
484 3427 520 3482 ist
539 3428 610 3482 auch
627 3427 687 3481 hier
704 3426 825 3496 frigent.
846 3427 913 3482 Hier
931 3427 993 3481 sind
1011 3425 1078 3480 zuei
1094 3415 1279 3496 Wendungen

138 3515 439 3585 zusammengeflossen,
460 3534 475 3572 o
494 3520 551 3571 seri
568 3517 735 3584 studiorum,
753 3517 902 3586 putatisne,
922 3516 987 3585 und,
1006 3534 1023 3570 o
1041 3517 1097 3570 seri
1114 3515 1279 3585 studiorum,

138 3605 188 3672 qni
202 3607 312 3673 putetis.
352 3605 461 3660 Terent.
481 3606 598 3676 Adelph.
619 3611 649 3675 2,
670 3610 699 3674 3,
720 3607 881 3673 &festiuum
900 3611 996 3674 eaput,
1015 3606 1097 3673 quine
1116 3607 1209 3659 omnia
1226 3606 1282 3660 sibi

135 3699 200 3761 post
219 3695 332 3762 putarit
352 3709 408 3750 esse
421 3710 494 3763 prae
512 3712 569 3748 meo
589 3695 687 3750 tuero?
723 3694 811 3748 Plaut.
832 3695 941 3749 Trueul.
960 3699 989 3763 2,
1009 3697 1036 3762 6,
1057 3698 1091 3748 52
1108 3694 1282 3762 poenitetne?

138 3781 213 3850 quoii
231 3784 348 3838 ancillae
366 3790 432 3838 sunt
448 3782 524 3840 iam?
558 3783 646 3853 Qnine
664 3784 747 3838 etiam
764 3799 847 3851 super
865 3783 1001 3849 adducas,
1021 3799 1090 3851 quae
1108 3785 1178 3838 milei
1194 3799 1281 3838 eome-

137 3867 199 3925 eiint
216 3871 326 3926 eibum?
357 3871 454 3926 Catuli.
474 3875 516 3941 64,
538 3876 587 3928 180
606 3873 653 3926 An
667 3873 761 3940 patris
779 3873 918 3926 anuilinm
939 3887 1058 3940 sperem,
1082 3888 1194 3940 quemne
1216 3874 1280 3940 ipsa

139 3961 265 4030 reliqui.
285 4003 291 4016 .
311 3960 443 4032 Goniupis
465 3979 503 4016 un
525 3962 582 4029 fida
606 3963 730 4017 consalu
753 3967 847 4016 memet
866 3977 970 4028 amore,
998 3960 1086 4030 Quini>
1101 3963 1177 4030 fupit
1194 3963 1280 4015 lentos

135 4051 287 4104 incurrans
303 4051 412 4120 purpite
429 4051 538 4106 remos?
557 4085 592 4094 -
610 4069 633 4105 v.
649 4055 690 4106 22.
711 4049 903 4115 Pitholeon,
924 4049 1146 4104 wahrsoheiulieh
1166 4049 1214 4103 der
1227 4067 1281 4104 von

139 4139 252 4194 Sueten.
272 4138 348 4194 Caes.
369 4143 402 4196 75
425 4147 561 4211 genennte
582 4140 737 4195 Pitholans.
775 4139 902 4193 Pitholai
923 4138 1095 4192 carminibus
1117 4138 1279 4192 maledicen-

135 4229 250 4282 tissimis
269 4229 419 4283 laceratam
437 4230 665 4285 existimationem
684 4244 765 4282 suam
783 4229 859 4282 eivili
876 4229 969 4282 animo
987 4225 1200 4294 intermissor).
1220 4228 1277 4282 Me-

136 4317 210 4372 orob.
232 4316 340 4376 Satura.
362 4322 386 4388 2,
407 4323 423 4372 2
442 4318 516 4375 filhrt
536 4333 589 4372 von
608 4317 695 4370 einem
713 4317 753 4370 M.
776 4317 911 4371 Otacilius
929 4316 1077 4372 Pitlmlaus
1096 4314 1174 4369 einen
1193 4316 1277 4372 witzi-
