3042 4900
221 359 282 420 242
626 359 682 421 sat.
702 360 738 434 11,
759 369 782 419 1.
802 383 825 420 v.
848 364 958 420 13-15.

286 539 461 621 Deficiunt;
485 557 588 620 neque
612 538 694 604 enim
717 537 821 620 quivis
843 535 1009 604 horrentia
1030 535 1106 618 pilis

292 653 437 735 Agmina,
461 670 520 717 nec
542 649 645 716 hacta
662 649 827 732 pereuntis
849 649 980 730 cuspide
1003 646 1123 730 Gallos,

286 764 353 830 Aut
373 763 512 829 labentis
535 779 617 844 equo
641 761 794 828 describit
815 761 947 826 volnera
967 758 1088 826 Parthi.
1321 769 1358 824 15

224 961 352 1014 nennuug
371 943 479 1015 77177171,
498 944 638 998 verehrter
656 942 802 997 Personen.
839 941 899 1012 Vgl
918 939 1007 1010 Epist.
1030 947 1059 1013 1,
1079 945 1107 1011 7,
1127 944 1169 998 37.
1208 941 1265 998 Sat.
1288 947 1311 1012 1,
1335 945 1361 1012 3,

225 1036 282 1089 126.
310 1034 399 1090 Plaut.
418 1031 489 1087 Rud.
511 1037 534 1101 1,
554 1034 634 1101 2,15,
655 1030 704 1086 wie
720 1029 764 1084 bei
776 1028 853 1085 Hom.
868 1030 916 1084 Od.
930 1030 963 1085 Η.
978 1034 1012 1086 28
1030 1031 1086 1086 und
1105 1030 1153 1100 oft,
1172 1033 1244 1092 ξεῖνε
1263 1027 1358 1106 πάτερ,

225 1117 291 1178 ἅττα
317 1124 413 1196 γεραιέ
432 1121 463 1176 11.
489 1121 510 1176 1.
538 1123 601 1190 607,
629 1119 685 1175 und
708 1118 748 1174 olt
772 1113 846 1174 ἅττα.
886 1120 1027 1176 Ρ7177177
1047 1136 1100 1176 von
1124 1118 1257 1190 gleichem
1280 1119 1360 1174 Alter

225 1219 326 1267 nanute
344 1227 406 1266 man
424 1209 583 1266 1171177711
599 1209 696 1276 freter.
727 1207 884 1275 Quintilian.
903 1209 1020 1265 Deelsm.
1035 1213 1084 1264 321
1107 1209 1219 1280 Quoties
1238 1207 1362 1263 blandiri

225 1302 349 1356 colurnus
366 1300 410 1354 his
428 1300 477 1368 qui
494 1315 549 1354 csse
568 1299 652 1352 amici
667 1296 804 1365 uideretur,
824 1299 903 1354 ααῑία
920 1299 1046 1355 adulatio
1059 1297 1210 1368 procedere
1220 1299 1297 1352 ultra
1309 1297 1361 1352 boc

226 1405 323 1444 uomere
345 1394 436 1456 potest
462 1404 545 1458 quum
572 1393 604 1442 ut
622 1387 724 1453 fratres
745 1401 875 1440 vocemus.
915 1387 975 1457 Vgl.
1000 1387 1066 1442 Hor.
1090 1386 1180 1458 Epist.
1210 1391 1238 1456 1,
1263 1387 1293 1455 6,
1319 1389 1361 1442 54.

227 1475 310 1532 Diesc
333 1476 551 1550 Aufforderung‚
581 1476 623 1530 die
646 1473 828 1530 Grossthaten
853 1473 900 1530 des
925 1477 1067 1546 Augustus
1091 1495 1127 1532 zu
1150 1474 1294 1544 hesingen,
1312 1475 1361 1530 177

227 1566 298 1621 auch
316 1566 458 1635 spiterhin
476 1582 559 1622 unser
576 1565 688 1619 Dichter
713 1563 761 1618 mit
785 1563 927 1619 desselben
949 1564 1189 1635 Entschuldigung
1213 1564 1359 1635 obgelehnt

229 1654 277 1710 (ld.
299 1659 322 1725 1,
342 1658 367 1725 6,
386 1658 402 1710 9
422 1672 479 1726 sqq.
516 1660 542 1724 2,
563 1658 602 1722 12,
623 1655 638 1706 9
661 1669 718 1721 sqq.
755 1656 780 1723 4,
800 1656 824 1722 2,
844 1657 879 1707 27
897 1670 954 1723 sqq.
973 1687 1007 1697 -
1025 1672 1049 1709 r.
1072 1658 1111 1708 13.
1131 1655 1275 1710 horrentia
1288 1653 1362 1722 pitis

228 1761 298 1814 epm.
335 1744 410 1814 Virg.
430 1745 498 1798 Aen.
518 1747 547 1812 2,
567 1744 615 1794 601
636 1743 688 1796 lete
703 1744 811 1810 ferrcus
829 1743 915 1797 hostis
939 1745 1044 1798 Horret
1067 1743 1116 1813 (es
1136 1740 1262 1812 starrt)
1287 1757 1361 1812 oper.

230 1868 264 1876 -
292 1835 401 1902 Pilum,
426 1832 469 1887 die
488 1832 541 1887 den
561 1829 680 1884 Rdmern
699 1829 924 1900 cigenthtimliche
942 1830 1044 1902 Weffe,
1063 1832 1133 1886 nach
1151 1833 1248 1902 Veget.
1268 1831 1303 1887 de
1321 1831 1363 1885 Re

230 1923 310 1978 Milit.
330 1928 355 1992 2,
376 1926 417 1992 16,
438 1919 490 1990 5¹1,
509 1920 578 1973 Fuss
597 1918 672 1987 lang,
691 1919 740 1974 mit
759 1919 846 1974 einem
863 1919 1034 1990 dreieclsigen
1052 1921 1138 1975 Eisen
1156 1937 1209 1976 von
1233 1921 1266 1991 Ἰ,
1289 1921 1363 1976 Fuss

230 2012 331 2081 Ltuge.
368 2009 510 2080 Polybius,
534 2007 583 2062 der
599 2007 616 2061 l.
638 2009 661 2060 6.
681 2025 707 2077 p.
728 2010 787 2062 469.
807 2008 834 2062 G.
854 2010 894 2064 ed.
921 2010 1034 2065 Gasaub.
1060 2009 1109 2064 das
1127 2011 1218 2079 pilum
1243 2024 1364 2080 geuauer

230 2099 401 2168 bcsehreibt,
421 2107 494 2168 scgt,
515 2095 557 2150 die
577 2095 674 2149 dicken
692 2096 796 2151 souohl
814 2099 852 2152 als
873 2099 915 2152 die
936 2099 1059 2154 dunnern
1076 2099 1140 2168 pelo
1162 2100 1260 2153 1777711
1284 2097 1364 2152 einen

232 2183 518 2258 7117111171(ιιήχεις)
539 2183 763 2254 langenScheh3
791 2202 826 2240 77
847 2187 898 2242 elle
922 2188 963 2243 sei
986 2188 1029 2242 ein
1052 2188 1113 2243 dem
1139 2186 1251 2242 Schafte
1275 2185 1364 2256 gleich

231 2277 324 2345 larges
351 2273 566 2343 hakenlormigcs
589 2273 674 2328 Eisen
698 2273 838 2345 belestigt,
868 2265 903 2330 οὗ
925 2276 973 2346 τὴν
995 2277 1104 2332 evocem
1125 2279 1171 2332 xci
1195 2274 1244 2344 τὴν
1263 2279 1364 2348 χρείαν

233 2363 319 2424 οὕτως
332 2363 524 2434 ἀσφαλίζονται
536 2363 653 2432 βεβαίως
670 2360 720 2422 ἕως
737 2367 829 2433 μέσων
848 2370 902 2420 τοῖν
919 2362 1008 2430 ξύλων
1025 2365 1165 2427 ἐνδέοντες
1182 2367 1230 2418 καὶ
1247 2367 1365 2422 πυκναῖς

232 2459 291 2513 ταῖς
313 2455 403 2520 λαβίσι
424 2453 679 2524 καταπερονῶντες,
707 2449 776 2508 ὥστε
805 2452 845 2524 μὴ
874 2451 1009 2529 πρότερον
1039 2451 1091 2509 τὸν
1119 2452 1224 2525 δεσμὸν
1250 2453 1283 2506 ἔν
1307 2457 1367 2508 ταῖς

230 2541 338 2622 χρείαις
356 2539 581 2608 ἀναχαλασθῆναι
600 2535 620 2607 ἦ
637 2541 685 2594 τὸν
704 2541 816 2614 σίδηρον
833 2540 1003 2616 θραύεσθαι,
1021 2541 1123 2618 καίπερ
1142 2535 1209 2596 ὅντα
1227 2539 1257 2595 τὸ
1277 2535 1367 2610 πάχος

234 2631 265 2684 ἓν
283 2630 321 2697 τῷ
339 2629 459 2699 πυθμένι
477 2630 523 2680 καὶ
541 2631 573 2701 τῇ
596 2627 665 2701 πρὸς
686 2627 716 2682 τὸ
739 2625 816 2690 ξύλον
840 2633 954 2702 συναφῇ
976 2633 1060 2706 τριῶν
1082 2627 1300 2702 ἡμιδακτυλίων·
1318 2629 1367 2682 ἐπὶ

234 2718 366 2771 τοσοῦτον
393 2718 440 2768 καὶ
469 2713 604 2784 τοσαύτην
632 2713 767 2788 πρόνοιαν
793 2725 937 2773 ποιοῦνται
957 2723 1004 2788 τῆς
1026 2719 1167 2780 ludicres.
1202 2719 1271 2775 Erst
1295 2719 1366 2774 nach

234 2804 324 2858 dieser
341 2803 544 2875 Besehreibung
562 2808 686 2862 versteht
704 2823 766 2860 man
782 2807 830 2863 des
850 2808 989 2878 Fclgende
1007 2827 1031 2863 v.
1053 2813 1085 2863 14
1105 2811 1200 2876 fracte
1218 2814 1364 2877 pereuntes

235 2893 345 2962 cuspide
356 2895 449 2949 Gallos
462 2911 511 2950 aus
526 2895 586 2950 dem
600 2895 688 2951 Schol.
702 2895 778 2975 Cruq
797 2898 846 2951 Ee
864 2898 981 2952 historio
1000 2897 1033 2952 de
1045 2899 1141 2953 Morio
1157 2899 1209 2953 177
1226 2902 1363 2966 sumptum

234 2991 288 3054 777,-
306 3000 371 3038 reem
390 2985 502 3038 Marius
520 2985 653 3040 adversus
669 2985 805 3050 Sentetes
823 2987 892 3041 tolia
909 2988 963 3041 tela
981 2993 1145 3042 commeritus
1163 2992 1209 3055 777,
1228 2992 1260 3041 er
1274 2987 1367 3054 fracto

234 3076 413 3141 initiarentur,
431 3089 465 3127 ree
482 3075 585 3128 remitti
602 3075 637 3128 ab
654 3075 775 3130 hostibus
791 3081 917 3143 possem,-
936 3075 1087 3130 deutlicher
1104 3075 1241 3130 Plutarch.
1260 3074 1296 3128 im
1307 3074 1365 3128 Ma-

234 3162 290 3216 rius
309 3179 336 3231 p.
355 3163 413 3215 419.
432 3162 465 3217 D.
485 3166 591 3234 λέγεται
609 3167 648 3224 eir
665 3164 769 3232 ἐκείνην
786 3161 836 3231 τὴν
852 3159 943 3236 μα’χην
962 3165 1058 3234 (gegen
1077 3164 1120 3218 die
1134 3161 1268 3230 Cimbern)
1287 3165 1366 3236 προῖ-

234 3271 281 3306 τον
304 3248 358 3306 ὑπὸ
381 3253 499 3322 Μαρίου
521 3257 756 3323 καινοτομηθῆναι
778 3249 807 3305 τὸ
830 3255 893 3326 περὶ
915 3252 978 3314 τοὺς
1000 3249 1102 3314 ὑσσούς
1126 3255 1217 3323 (pilo).
1255 3251 1295 3306 Τὸ
1312 3249 1368 3324 γὰρ

234 3344 272 3400 eir
290 3339 337 3395 τὸν
356 3341 471 3414 σίδηρον
486 3341 613 3414 ἕμβλημα
631 3344 680 3394 τοῦ
698 3336 775 3402 ξύλου
794 3335 927 3416 πρότερον
943 3342 996 3412 μὲν
1014 3336 1048 3409 ἣν
1066 3343 1130 3396 δυσὶ
1149 3339 1277 3416 περόναις
1295 3359 1364 3394 κατ-

236 3432 404 3500 ειλημμένον
431 3430 568 3502 σιδηραῖς·
593 3426 653 3484 τότε
671 3425 734 3484 (1ὲὸ
760 3424 872 3504 Μάριος
895 3428 944 3497 τὴν
966 3431 1031 3501 μὲν,
1056 3426 1147 3502 ὥσπερ
1172 3429 1258 3501 εἶχεν,
1283 3433 1366 3497 εἴασε,

234 3515 283 3584 τὴν
309 3517 339 3571 δὲ
366 3517 462 3591 ἑτέραν
488 3516 587 3580 ἐξελὼν
615 3513 727 3578 ξύλινον
748 3505 815 3586 ἧλον
843 3513 1016 3592 εὔθραυστον
1046 3516 1101 3573 ἀντ’
1138 3519 1221 3586 αὐτῆς
1247 3518 1367 3586 ἐνέβαλε,

236 3604 370 3675 τεχνάζων
398 3603 593 3686 προσπεσόντα
618 3605 665 3661 τὸν
692 3603 775 3663 idcir
803 3609 840 3678 τῷ
866 3611 960 3678 θυρεῷ
985 3610 1033 3661 τσῦ
1054 3609 1188 3679 πολεμίου
1211 3605 1248 3681 μὴ
1270 3610 1369 3680 μένειν

235 3691 341 3762 ὀρθὸν,
370 3692 435 3750 ἀλλὰ
465 3697 514 3749 τοῦ
536 3699 646 3756 ξυλίνου
669 3697 829 3756 κλασθέντος
852 3693 920 3764 iiico
942 3693 1057 3766 καμπὴν
1078 3696 1209 3765 γίνεσθαι
1234 3697 1297 3768 περὶ
1319 3692 1369 3748 τὸν

180 3808 185 3816 ·
236 3783 350 3855 σίδηρον
378 3786 426 3836 καὶ
456 3784 641 3856 παρέλκεσθαι
671 3783 700 3839 τὸ
728 3781 798 3859 δόρυ
830 3783 878 3841 διὰ
910 3783 959 3855 τὴν
988 3780 1165 3858 στρεβλότητα
1193 3785 1240 3852 τῆς
1269 3783 1370 3854 αἰχμῆς

234 3867 406 3943 ἐνεχόμενον.
450 3871 566 3938 [Vielm.
597 3873 640 3927 die
668 3875 734 3968 nqeh
763 3875 1000 3944 Verstdmmelung
1028 3872 1101 3928 ihres
1131 3872 1211 3943 poesi
1243 3871 1369 3925 verloren

236 3958 309 4028 sind;
337 3960 499 4016 Funkhitnel
521 3961 549 4014 in
571 3963 692 4021 Miitzels
709 3964 817 4018 Ztschr.
840 3967 906 4018 1850
927 3963 953 4017 S.
975 3963 1056 4030 177.]
1081 3995 1114 4004 -
1139 3977 1164 4016 r.
1186 3964 1226 4016 15.
1254 3961 1371 4016 deberetis

235 4065 302 4116 equo
326 4088 332 4102 .
355 4089 361 4101 .
384 4051 493 4104 Parthi.
530 4050 580 4104 Die
605 4052 719 4121 Parther
736 4068 837 4107 77177
850 4053 903 4107 den
921 4051 1040 4106 Romern
1059 4051 1145 4105 durch
1166 4051 1225 4106 ihre
1247 4048 1371 4105 Reiterei

236 4136 388 4207 furehtbar,
421 4137 570 4222 besqnders
601 4139 661 4195 weil
690 4139 765 4195 diese
794 4139 844 4195 auf
872 4141 1027 4196 verstellter
1058 4141 1158 4196 Flucht
1191 4140 1250 4196 sich
1281 4139 1371 4209 plota-

235 4226 359 4292 lichmit
383 4227 444 4282 dem
468 4227 561 4297 Bogen
583 4215 671 4298 gegen¹¹
689 4227 731 4282 die
757 4229 943 4299 unvorsichtig
966 4228 1168 4300 Verfolgenden
1190 4227 1369 4285 umwendete.

237 4315 295 4382 Vgl.
317 4314 364 4370 Od.
386 4321 413 4384 1,
433 4320 455 4370 2.
477 4326 545 4371 extr.
586 4324 612 4386 1,
635 4321 673 4386 10,
701 4322 740 4372 11.
783 4323 810 4388 2,
838 4322 884 4388 13,
913 4324 952 4373 17.
996 4323 1020 4390 3,
1046 4323 1076 4388 2,
1104 4323 1127 4374 3.
1169 4319 1244 4390 Virg.
1272 4315 1370 4386 Georg·
