3036 4906
204 351 268 412 402
611 358 667 412 su.
687 357 723 427 11,
742 361 765 412 c.
786 375 809 412 v.
831 361 942 413 ro-ss.

270 531 315 596 Et
336 549 418 612 quae
441 531 484 597 sit
505 536 621 596 nature
642 531 717 596 boui
739 547 960 611 summumque
983 530 1059 612 quid
1082 530 1161 596 eius.

271 640 404 708 Cervius
427 641 507 707 haec
528 642 615 706 inter
637 641 759 706 vicinus
781 642 885 723 garrit
907 642 1000 708 anilis

269 753 318 818 Ex
340 771 376 818 re
398 751 542 818 fabellas
568 752 621 817 'Si
642 752 713 835 quis
734 771 808 818 nam
829 753 941 819 laudet
962 752 1064 819 Arelli

270 863 429 929 Sollicitas
452 863 582 945 ignarus
605 882 692 944 opes,
715 864 760 929 sic
782 863 910 946 incipit:
935 863 1018 929 Olim

267 974 419 1040 Rusticus
440 975 597 1040 urbanum
621 992 743 1040 murem
766 993 836 1040 mus
858 993 1002 1056 paupere
1024 973 1129 1040 fertur

269 1086 441 1166 Accepisse
465 1103 553 1168 cavo,
576 1091 718 1152 veterem
743 1090 837 1151 vetus
859 1085 977 1166 hospes
999 1085 1153 1167 amicum;

269 1197 375 1278 Asper
397 1202 430 1262 et
451 1200 596 1264 attentus
620 1198 784 1280 quaesitis,
807 1201 845 1261 ut
866 1201 973 1262 umen
996 1201 1102 1262 artum

203 1381 317 1435 Rectum
340 1378 377 1434 ist
400 1378 458 1434 hier
483 1378 527 1432 die
551 1365 666 1450 Tugsnd
688 1377 855 1450 uberhaupt,
878 1379 1007 1434 boumtas
1027 1378 1116 1434 Schol.
1140 1379 1218 1449 Oruq.
1257 1381 1284 1437 S.
1306 1399 1343 1437 zu

212 1473 239 1538 l,
262 1472 289 1536 l,
312 1471 368 1522 107.
405 1465 458 1522 Oia
478 1466 512 1521 de
530 1468 637 1523 Amicit.
663 1473 692 1536 8,
716 1485 757 1524 wo
781 1485 811 1524 er
834 1468 905 1522 nach
927 1466 1067 1523 stoischeu
1085 1467 1278 1524 Grundsitzen
1299 1470 1344 1524 die

205 1555 299 1622 Quelle
319 1556 368 1610 der
386 1555 589 1612 Freundsohuft
607 1554 749 1626 arrisucht‚
773 1562 848 1626 sapt,
874 1555 917 1610 die
936 1555 1139 1634 Freundschaft
1158 1558 1268 1613 scheine
1285 1558 1345 1613 ihm

203 1660 253 1700 aus
279 1645 327 1700 der
350 1645 441 1698 Natur
465 1652 665 1715 entsprungen3
694 1645 751 1700 dies
778 1646 928 1700 schemen
951 1645 1035 1699 sehon
1059 1659 1093 1698 au
1117 1644 1166 1700 der
1187 1646 1272 1700 Lisbe
1293 1647 1344 1701 der

203 1732 302 1786 Thiere
330 1749 365 1786 zu
392 1731 470 1787 ihren
498 1733 619 1804 Jungen,
646 1735 717 1789 noch
743 1733 806 1788 weit
837 1733 990 1788 deutlicher
1021 1748 1056 1787 an
1090 1733 1152 1787 dem
1178 1733 1341 1802 Meuschen,

199 1823 323 1890 primum
342 1837 376 1874 eu
393 1837 427 1875 aa
445 1823 570 1890 caritate,
589 1838 659 1890 quae
676 1830 717 1877 est
733 1825 806 1877 iuter
822 1828 905 1877 notos
922 1828 949 1876 ct
960 1827 1091 1888 parentes
1110 1861 1116 1875 .
1136 1862 1142 1874 .
1163 1821 1261 1876 deiude
1279 1838 1343 1876 cum

202 1911 302 1964 similis
320 1925 415 1964 seusus
433 1911 537 1964 sustitit
553 1912 665 1979 amoris,
685 1913 711 1965 si
728 1913 847 1980 aliquem
864 1911 943 1964 nocti
959 1925 1062 1977 sumus,
1080 1910 1159 1962 cuius
1177 1924 1238 1962 cum
1256 1911 1342 1964 mori-

204 1999 253 2052 bus
279 2003 304 2052 ct
330 2003 435 2052 uaturo
461 2013 661 2068 ceupruamus,
692 1999 782 2069 quod
808 2001 842 2054 iu
869 2015 904 2053 eo
931 1999 1032 2068 quasi
1058 1999 1169 2052 lumem
1196 1999 1345 2067 aliquod

200 2087 396 2155 probitatis
420 2091 449 2140 et
472 2089 615 2142 uirtutis
630 2091 827 2158 perspicere
848 2087 1034 2142 uideamur.
1071 2087 1171 2142 Nihil
1188 2092 1239 2140 cst
1255 2089 1345 2140 euim

205 2176 390 2230 amabilius
407 2177 549 2243 uirtute,
568 2178 661 2232 uibil
678 2178 765 2246 quod
781 2179 888 2247 mapis
906 2177 1044 2231 alliciat
1061 2174 1104 2228 ud
1116 2174 1342 2245 dilipeudum,

203 2266 329 2334 quippe
347 2279 420 2318 cum
433 2271 581 2333 propter
598 2267 758 2320 uirtutem
777 2270 808 2319 et
821 2265 1026 2334 probitatem
1043 2279 1099 2317 eos
1117 2265 1235 2330 etiam,
1256 2281 1343 2333 quos

203 2369 380 2422 uunquam
398 2352 559 2420 uidimus,
579 2354 820 2422 quodammodo
840 2353 1033 2423 diliporuus.
1046 2385 1081 2394 -
1094 2368 1118 2405 v.
1133 2353 1174 2406 76.
1192 2367 1341 2406 summum·

203 2459 253 2510 que
271 2440 341 2510 quid
358 2443 426 2508 eius,
445 2439 475 2496 τὸ
493 2444 566 2502 τέλος
583 2445 639 2496 τῶν
657 2441 783 2513 ἀγαθῶν,
804 2442 847 2498 die
865 2443 894 2507 iu
906 2441 1014 2497 Ciceros
1032 2439 1158 2495 Buchern
1177 2439 1211 2494 de
1224 2441 1341 2496 Finibus

203 2531 303 2585 Bonor.
330 2537 357 2584 et
379 2530 475 2585 Melor.
498 2531 681 2586 untersuchte
702 2531 826 2586 Materie.
850 2563 884 2574 -
908 2547 932 2584 v.
957 2533 998 2584 77:
1024 2530 1120 2584 ouiles.
1156 2529 1213 2584 Das
1237 2529 1340 2599 griech.

202 2624 298 2692 γραῶν
316 2615 408 2684 ὕθλος,
427 2621 525 2694 γραῶν
541 2622 638 2689 μῦθοι.
676 2619 702 2673 S.
722 2637 756 2673 m.
776 2621 808 2676 N.
829 2637 864 2674 zu
883 2619 953 2673 Plat.
973 2617 1053 2688 Gorg.
1074 2615 1177 2686 §.174
1198 2651 1232 2660 -
1251 2636 1275 2672 v.
1297 2623 1339 2675 78.

203 2709 252 2764 Em
269 2725 312 2775 re,
335 2709 378 2761 uti
399 2723 443 2760 res
462 2708 518 2774 fert
540 2707 582 2762 od.
599 2709 735 2778 postulat,
756 2707 813 2762 wie
832 2724 863 2763 es
884 2708 940 2762 der
958 2706 1180 2776 Gegenstsnd
1198 2706 1257 2762 des
1276 2707 1340 2762 Ge-

204 2798 364 2867 sprichs,
388 2795 442 2850 die
461 2794 687 2865 Gelegenheit
706 2795 805 2866 giebt.
845 2795 933 2852 Schol.
953 2796 1016 2852 Acr.
1030 2811 1086 2865 pro
1106 2795 1258 2864 commode,
1277 2797 1296 2849 i.
1317 2813 1339 2850 e.

203 2904 260 2941 uou
282 2888 341 2940 siue
363 2899 462 2951 causa,
490 2883 539 2938 secl
561 2883 600 2937 ad
622 2887 773 2952 exemplum
795 2887 838 2940 rei
853 2887 1015 2956 propositae
1035 2885 1213 2953 pertinentia.
1250 2883 1339 2938 Tacit.

202 2975 272 3028 Anu.
295 2979 323 3043 l,
349 2976 383 3028 24
407 2974 486 3027 Haec
509 2973 646 3028 Tiberium
663 2975 821 3043 perpulere,
846 2980 878 3028 ut
898 2967 1051 3030 Drusum.
1070 3015 1076 3028 .
1095 2973 1225 3040 mitteret,
1250 2974 1338 3028 uultis

203 3065 272 3117 sutis
290 3065 369 3118 certis
387 3060 543 3129 utuudotis5
566 3077 601 3116 eu
623 3077 653 3114 re
677 3065 871 3118 consulturum.
908 3062 964 3116 Das
987 3061 1149 3131 Gegentheil
1172 3061 1209 3116 ist
1232 3061 1282 3116 obs
1300 3078 1339 3116 re.

203 3150 331 3220 Lambin,
359 3166 438 3206 weun
461 3163 491 3204 er
514 3149 573 3204 hier
594 3165 643 3205 vor
665 3151 715 3205 der
738 3150 895 3221 Erkltrung
913 3151 961 3205 des
980 3153 1090 3220 iupus,
1117 3167 1173 3204 mou
1192 3151 1300 3204 alienas
1321 3167 1340 3204 a

200 3241 345 3308 proposito
363 3254 494 3306 sermome,
514 3246 602 3293 wernt
621 3239 677 3293 und
688 3255 723 3294 err
734 3256 765 3294 re
777 3240 888 3310 erklitrt,
907 3255 942 3296 eu
953 3256 1015 3308 usu,
1035 3240 1124 3307 utiles,
1143 3239 1340 3294 verwechselte

202 3328 261 3382 hier
278 3345 312 3383 eu
329 3345 360 3382 re
377 3327 426 3382 mit
444 3343 478 3382 eu
496 3343 525 3381 re
543 3343 617 3395 uteo,
640 3344 675 3382 eu
692 3343 722 3381 re
740 3329 833 3396 istim,
853 3345 914 3384 erc
929 3330 1050 3398 publica.
1076 3361 1110 3370 —-
1132 3327 1166 3382 Si
1183 3328 1338 3396 quisnam.

203 3419 278 3473 Nam
296 3415 477 3486 nechgestellt
496 3415 546 3470 wie
566 3420 590 3484 2,
611 3421 635 3484 3,
656 3420 697 3471 20.
727 3415 763 3472 So
782 3417 837 3472 fest
856 3419 908 3473 alle
921 3417 1015 3486 codd,
1034 3432 1086 3471 nur
1103 3417 1131 3470 in
1150 3416 1252 3471 zweieu
1271 3415 1340 3470 laud

203 3505 292 3560 Bentl.
313 3506 388 3560 Nom
406 3504 519 3573 siquis.
556 3504 755 3574 [Hyperbston
779 3505 849 3560 ohne
871 3505 1035 3561 metrischeu
1058 3505 1158 3560 Aulass
1163 3524 1173 3576 3
1195 3505 1255 3560 blos
1274 3521 1339 3560 zum

203 3593 386 3649 Unterschied
407 3609 459 3647 von
483 3593 532 3647 der
555 3594 654 3648 Prota:
678 3592 752 3662 quod
769 3594 854 3661 prius
875 3595 972 3648 crisima
992 3595 1102 3649 uerbum
1123 3601 1175 3662 est,
1196 3595 1339 3662 posterius

201 3683 281 3751 facit,
301 3682 369 3736 nach
389 3681 446 3736 Sat.
469 3685 545 3751 1,4,
566 3683 632 3748 58]
648 3713 682 3723 -
701 3681 795 3736 Arelli.
832 3682 955 3739 Arellius
981 3683 1024 3737 ein
1047 3690 1126 3738 soust
1149 3681 1340 3736 unbekannter

202 3787 305 3828 auarus
327 3771 355 3824 in
375 3771 424 3825 der
441 3768 665 3825 Nachbarscheft.
689 3802 723 3811 -
746 3787 770 3823 v.
796 3772 836 3824 79.
867 3771 952 3840 Olim,
977 3770 1112 3835 einmal,
1137 3770 1217 3838 ποτὲ,
1241 3769 1290 3825 das
1310 3770 1340 3824 in

203 3859 307 3915 Fabeln
325 3858 381 3914 und
399 3858 592 3929 Erzthlungen
611 3857 794 3928 gewbhnliche
813 3859 901 3914 Wort.
930 3859 1020 3930 Epist.
1043 3864 1065 3929 1,
1081 3865 1104 3927 1,
1119 3863 1152 3914 73
1172 3859 1244 3914 Olim
1263 3859 1339 3928 quod

200 3951 294 4019 uulpes
311 3955 422 4020 ueproto
441 3954 523 4002 cauta
541 3950 615 4003 leoui
631 3947 782 4016 respoudit,
802 3949 929 4015 referam.
955 3949 1056 4004 Donat.
1077 3964 1113 4001 zu
1126 3949 1235 4003 Terent.
1250 3948 1336 4004 Andr.

201 4042 230 4108 ὅ,
250 4042 280 4107 4,
300 4043 334 4092 20
358 4038 444 4094 Olim
464 4037 577 4105 fabulae
598 4037 716 4090 iuitium.
757 4035 897 4105 Aristoph.
923 4037 1006 4107 Vesp.
1034 4040 1100 4102 1177
1126 4033 1205 4090 Οὕτω
1224 4034 1281 4090 ποτ’
1301 4027 1338 4104 ἦν

200 4129 256 4198 μῦς
277 4129 324 4179 καὶ
347 4127 425 4196 γαλῆ.
450 4159 484 4168 -
507 4141 531 4179 v.
556 4127 597 4180 82.
624 4124 730 4192 Asper,
751 4140 857 4191 porcus
884 4131 910 4180 et
935 4141 1057 4194 seuerus,
1082 4125 1143 4180 dem
1168 4125 1256 4179 mollis
1278 4124 1337 4178 und

201 4215 362 4269 luxuriosus
381 4221 639 4284 entgeqengcsetzt,
662 4213 713 4268 wie
733 4229 833 4282 aspera
851 4219 954 4283 uirtus,
971 4231 1040 4285 ports
1058 4213 1199 4268 laboribus
1216 4218 1242 4268 ct
1260 4213 1337 4268 bellis

201 4317 308 4372 aspera.
328 4335 362 4346 -
380 4308 501 4358 atteutus
518 4303 664 4371 quaesitis,
689 4302 739 4358 wie
761 4308 882 4360 attentus
905 4303 944 4358 ad
964 4319 1021 4358 rem
1043 4303 1153 4357 Terent.
1171 4299 1287 4370 Adelph
1309 4303 1334 4372 5,
